%% Created using Papers on Wed, 11 Jan 2017.
%% http://papersapp.com/papers/

@article{Wu:2007gs,
author = {Wu, W and Fore, S and Wang, X and Ho, P S Y},
title = {{Beyond Virtual Carnival and Masquerade: In-Game Marriage on the Chinese Internet}},
journal = {Games and Culture},
year = {2007}
}

@book{Kafai:2008wl,
author = {Kafai, Yasmin B},
title = {{Beyond Barbie and Mortal Kombat}},
publisher = {Mit Press},
year = {2008}
}

@article{Fischer:1988wl,
author = {Fischer, Claude S.},
title = {{Gender and the Residential Telephone, 1890-1940: Technologies of Sociability}},
journal = {Sociological Forum},
year = {1988}
}

@article{Ensmenger:2015wx,
author = {Ensmenger, Nathan},
title = {{"Beards, Sandals, and Other Signs of Rugged Individualism": Masculine Culture within the Computing Professions}},
journal = {Osiris},
year = {2015}
}

@article{WallachScott:2010hd,
author = {Wallach Scott, J},
title = {{Gender: Still a Useful Category of Analysis?}},
journal = {Diogenes},
year = {2010}
}

@article{Kleif:2003wg,
author = {Kleif, Tine and Faulkner, Wendy},
title = {{"I'm No Athlete [but] I Can Make This Thing Dance!" Men's Pleasures in Technology}},
journal = {Science, Technology {\&} Human Values},
year = {2003}
}

@article{Eglash:2002wk,
author = {Eglash, Ron},
title = {{Race, Sex, and Nerds: From Black Geeks to Asian American Hipsters}},
journal = {Social Text},
year = {2002}
}

@article{Oldenziel:1997to,
author = {Oldenziel, R.},
title = {{Boys and their toys: The Fisher Body Craftsman's Guild, 1930-1968, and the making of a male technical domain}},
journal = {Technology and Culture},
year = {1997}
}

@article{Nafus:2012gg,
author = {Nafus, Dawn},
title = {{'Patches don't have gender': What is not open in open source software}},
journal = {New Media and Society},
year = {2012}
}

@booklet{Levy:1984ut,
title = {{Hackers: Heroes of the Computer Revolution. New York, NY: Bantam Doubleday Dell Publishing Group}}
}

@article{Nakamura:2014gp,
author = {Nakamura, Lisa},
title = {{Indigenous Circuits: Navajo Women and the Racialization of Early Electronic Manufacture}},
journal = {American Quarterly},
year = {2014}
}

@book{Pascoe:2011cj,
author = {Pascoe, C J},
title = {{Dude, You're a Fag}},
publisher = {Univ of California Press},
year = {2011}
}

@book{Turkle:1984ve,
author = {Turkle, Sherry},
title = {{The Second Self: Computers and the Human Spirit}},
publisher = {Simon and Schuster},
year = {1984}
}

@incollection{Ensmenger:2010tc,
title = {{Making Programming Masculine}},
booktitle = {Gender Codes: Why Women are Leaving Computing},
year = {2010}
}

@article{Cheryan:2013id,
author = {Cheryan, Sapna and Plaut, Victoria C and Handron, Caitlin and Hudson, Lauren},
title = {{The Stereotypical Computer Scientist: Gendered Media Representations as a Barrier to Inclusion for Women}},
journal = {Sex Roles},
year = {2013}
}

@article{Scott:1986ik,
author = {Scott, Joan W},
title = {{Gender: A Useful Category of Historical Analysis}},
journal = {The American Historical Review},
year = {1986}
}

@incollection{Cohn:1993wq,
author = {Cohn, Carol},
title = {{War, Wimps and Women: Talking Gender and Thinking War.}},
booktitle = {Gendering War Talk},
year = {1993}
}

@article{Scott:2013ew,
author = {Scott, J W},
title = {{The uses and abuses of gender}},
journal = {Tijdschrift voor Genderstudies},
year = {2013}
}

@book{Cassell:2000vw,
author = {Cassell, Justine and Jenkins, Henry},
title = {{From Barbie to Mortal Kombat}},
publisher = {MIT Press},
year = {2000}
}

@article{Salter:2012fa,
author = {Salter, Anastasia and Blodgett, Bridget},
title = {{Hypermasculinity {\&} Dickwolves: The Contentious Role of Women in the New Gaming Public}},
journal = {Journal of Broadcasting {\&} Electronic Media},
year = {2012}
}

@book{Strom:1992wx,
author = {Strom, Sharon Hartman},
title = {{Beyond the typewriter : gender, class, and the origins of modern American office work, 1900-1930}},
publisher = {University of Illinois Press},
year = {1992}
}

@article{Reagle:2012vr,
author = {Reagle, Joseph},
title = {{"Free as in sexist?": Free culture and the gender gap}},
journal = {First Monday},
year = {2012}
}

@article{Gaboury:2015uv,
author = {Gaboury, Jacob},
title = {{On Uncomputable Numbers: The Origins of a Queer Computing}},
journal = {Journal of the New Media Caucus },
year = {2015}
}

@article{Nooney:2013vu,
author = {Nooney, Laine},
title = {{A Pedestal, A Table, A Love Letter: Archaeologies of Gender in Videogame History}},
journal = {Game Studies},
year = {2013}
}

@article{Cowan:1976wda,
author = {Cowan, R S},
title = {{The "Industrial Revolution" in the home: household technology and social change in the 20th century}},
journal = {Technology and Culture},
year = {1976}
}

@book{Hayles:2008wq,
author = {Hayles, N. Katherine},
title = {{How We Became Posthuman: Virtual Bodies in Cybernetics, Literature, and Informatics}},
publisher = {University of Chicago Press},
year = {2008}
}

@article{Bray:2007cb,
author = {Bray, Francesca},
title = {{Gender and Technology}},
journal = {Annual Review of Anthropology},
year = {2007}
}

@book{Hicks:2016uj,
author = {Hicks, Marie},
title = {{Programmed Inequality}},
publisher = {MIT Press},
year = {2016}
}

@book{Oldenziel:1999vk,
author = {Oldenziel, Ruth},
title = {{Making Technology Masculine: Men, Women and Modern Machines in America, 1870-1945}},
publisher = {Amsterdam: Amsterdam University Press},
year = {1999}
}

@incollection{Haraway:1991uz,
author = {Haraway, Donna},
title = {{Cyborg Manifesto: Science, Technology, and Socialist-Feminism in the Late Twentieth Century}},
booktitle = {Simians, cyborgs, and women: the reinvention of nature},
year = {1991}
}

@article{Lagesen:2008vy,
author = {Lagesen, V A},
title = {{A cyberfeminist utopia? Perceptions of gender and computer science among Malaysian women computer science students and faculty}},
journal = {Science, Technology {\&} Human Values},
year = {2008}
}

@article{Gaboury:2013wx,
author = {Gaboury, Jacob},
title = {{Darling sweetheart: Queer objects in early computer art}},
journal = {Metaverse Creativity},
year = {2013}
}

